<record><leader>00000cas a22000007a 4500</leader><controlfield tag="001">13039730</controlfield><controlfield tag="008">860120d18851891mtuwr ne      0    0eng d</controlfield><datafield ind1=" " ind2=" " tag="010"><subfield code="a">sn 86075015 </subfield></datafield><datafield ind1=" " ind2=" " tag="040"><subfield code="a">MTL</subfield><subfield code="b">eng</subfield><subfield code="c">MTL</subfield><subfield code="d">CNK</subfield><subfield code="d">CRL</subfield><subfield code="d">KRTAS</subfield><subfield code="d">OCLCQ</subfield><subfield code="d">OCLCF</subfield><subfield code="d">OCLCO</subfield></datafield><datafield ind1=" " ind2=" " tag="042"><subfield code="a">msc</subfield></datafield><datafield ind1=" " ind2=" " tag="043"><subfield code="a">n-us-mt</subfield></datafield><datafield ind1="0" ind2="4" tag="245"><subfield code="a">The Weekly Yellowstone journal and live stock reporter.</subfield></datafield><datafield ind1=" " ind2=" " tag="260"><subfield code="a">Miles City, Mont. :</subfield><subfield code="b">Knight &amp; Gordon,</subfield><subfield code="c">1885-1891.</subfield></datafield><datafield ind1=" " ind2=" " tag="300"><subfield code="a">6 v. :</subfield><subfield code="b">ill. (chiefly ads.) ;</subfield><subfield code="c">65-75 cm.</subfield></datafield><datafield ind1=" " ind2=" " tag="310"><subfield code="a">Weekly</subfield></datafield><datafield ind1="0" ind2=" " tag="362"><subfield code="a">Vol. 7, no. 4 (Aug. 22, 1885)-v. 12, no. 52 (July 18, 1891).</subfield></datafield><datafield ind1=" " ind2="0" tag="651"><subfield code="a">Miles City (Mont.)</subfield><subfield code="v">Newspapers.</subfield></datafield><datafield ind1=" " ind2="7" tag="655"><subfield code="a">Newspapers.</subfield><subfield code="2">fast</subfield><subfield code="0">(OCoLC)fst01423814</subfield></datafield><datafield ind1=" " ind2="7" tag="651"><subfield code="a">Montana</subfield><subfield code="z">Miles City.</subfield><subfield code="2">fast</subfield><subfield code="0">(OCoLC)fst01212029</subfield></datafield><datafield ind1=" " ind2=" " tag="752"><subfield code="a">United States</subfield><subfield code="b">Montana</subfield><subfield code="c">Custer</subfield><subfield code="d">Miles City.</subfield></datafield><datafield ind1="0" ind2=" " tag="775"><subfield code="t">Daily Yellowstone journal (Miles City, Mont. : 1882)</subfield><subfield code="w">(DLC)sn 86075021</subfield></datafield><datafield ind1="0" ind2="0" tag="780"><subfield code="t">Weekly Yellowstone journal</subfield><subfield code="w">(DLC)sn 86075014</subfield><subfield code="w">(OCoLC)13026315</subfield></datafield><datafield ind1="0" ind2="0" tag="785"><subfield code="t">Yellowstone journal (Miles City, Mont. : Weekly : 1891)</subfield><subfield code="w">(DLC)sn 86075016</subfield></datafield><datafield ind1=" " ind2=" " tag="938"><subfield code="a">Kirtas Technologies, Inc.</subfield><subfield code="b">KRTS</subfield><subfield code="n">739520</subfield></datafield></record>